<?xml version = "1.0" encoding = "UTF-8"?><OAI-PMH xmlns="http://www.openarchives.org/OAI/2.0/" xmlns:xsi="http://www.w3.org/2001/XMLSchema-instance" xsi:schemaLocation="http://www.openarchives.org/OAI/2.0/ http://www.openarchives.org/OAI/2.0/OAI-PMH.xsd"><ListRecords><record><header><identifier>aleph-publish:019451517</identifier></header><metadata><record xmlns="http://www.ddb.de/professionell/mabxml/mabxml-1.xsd"><leader>------M2.01200024------h</leader><controlfield tag="LDR">------M2.01200024------h</controlfield><controlfield tag="FMT">MH</controlfield><datafield tag="001" ind1="-" ind2="1"><subfield code="a">HT017536715</subfield></datafield><datafield tag="002" ind1="a" ind2="1"><subfield code="a">20130206</subfield></datafield><datafield tag="003" ind1="-" ind2="1"><subfield code="a">20210409075634.0</subfield></datafield><datafield tag="026" ind1="-" ind2="1"><subfield code="a">HBZHT017536715</subfield></datafield><controlfield tag="030">a|1uc||||||17</controlfield><datafield tag="036" ind1="a" ind2="1"><subfield code="a">XA-DE</subfield></datafield><datafield tag="037" ind1="b" ind2="1"><subfield code="a">ger</subfield></datafield><controlfield tag="050">a|||||||||||||</controlfield><controlfield tag="051">at||||||</controlfield><datafield tag="070" ind1="-" ind2="1"><subfield code="a">Bm 3</subfield></datafield><datafield tag="070" ind1="b" ind2="1"><subfield code="a">61</subfield></datafield><datafield tag="078" ind1="n" ind2="1"><subfield code="a">NWBib-61</subfield></datafield><datafield tag="080" ind1="-" ind2="1"><subfield code="a">60</subfield></datafield><datafield tag="100" ind1="-" ind2="1"><subfield code="p">Emons, Thomas</subfield><subfield code="d">1968-</subfield><subfield code="9">(DE-588)129424323</subfield></datafield><datafield tag="331" ind1="-" ind2="1"><subfield code="a">&lt;&lt;Die&gt;&gt; Evangelische Kirche im Wandel</subfield></datafield><datafield tag="335" ind1="-" ind2="1"><subfield code="a">Luthers Erben an der Ruhr</subfield></datafield><datafield tag="359" ind1="-" ind2="1"><subfield code="a">Thomas Emons</subfield></datafield><datafield tag="425" ind1="a" ind2="1"><subfield code="a">2012</subfield></datafield><datafield tag="590" ind1="-" ind2="1"><subfield code="a">Jahrbuch / Mülheim an der Ruhr</subfield></datafield><datafield tag="594" ind1="-" ind2="1"><subfield code="a">Mülheim, Ruhr</subfield></datafield><datafield tag="596" ind1="-" ind2="1"><subfield code="a">67 (2012), S. 58-64 : Ill., Kt.</subfield></datafield><datafield tag="599" ind1="-" ind2="1"><subfield code="a">HT006816401</subfield></datafield><datafield tag="700" ind1="n" ind2="1"><subfield code="a">Mülheim an der Ruhr</subfield><subfield code="0">https://nwbib.de/spatial#Q2899</subfield></datafield><datafield tag="700" ind1="n" ind2="1"><subfield code="a">Kirchenkreis An der Ruhr</subfield><subfield code="0">https://nwbib.de/spatial#Q63078887</subfield></datafield><datafield tag="700" ind1="n" ind2="1"><subfield code="a">Kirchengeschichte</subfield><subfield code="0">https://nwbib.de/subjects#N613010</subfield></datafield><datafield tag="902" ind1="-" ind2="1"><subfield code="g">Mülheim an der Ruhr</subfield><subfield code="9">(DE-588)4040475-4</subfield></datafield><datafield tag="902" ind1="-" ind2="1"><subfield code="k">Evangelische Kirche im Rheinland</subfield><subfield code="b">Kirchenkreis An der Ruhr</subfield><subfield code="9">(DE-588)1183319010</subfield></datafield><datafield tag="902" ind1="-" ind2="1"><subfield code="z">Geschichte</subfield></datafield><controlfield tag="SYS">019451517</controlfield><datafield tag="952" ind1="-" ind2="1"><subfield code="g">Mülheim</subfield><subfield code="h">Ruhr</subfield></datafield><datafield tag="952" ind1="-" ind2="1"><subfield code="g">Mülheim a. d. Ruhr</subfield></datafield><datafield tag="952" ind1="-" ind2="1"><subfield code="k">Evangelische Kirche im Rheinland</subfield><subfield code="b">Evangelischer Kirchenkreis An der Ruhr</subfield></datafield><datafield tag="952" ind1="-" ind2="1"><subfield code="k">Kirchenkreis An der Ruhr</subfield></datafield><datafield tag="952" ind1="-" ind2="1"><subfield code="k">Evangelischer Kirchenkreis An der Ruhr</subfield></datafield></record></metadata></record></ListRecords></OAI-PMH>